@article{Liu20062d,
author = {Liu, Cai and Liu, Yang and Yang, Baojun and Wang, Dian and Sun, Jianguo},
year = {2006},
month = {09},
pages = {},
title = {A 2D multistage median filter to reduce random seismic noise},
volume = {71},
journal = {Geophysics},
doi = {10.1190/1.2236003}
}
@article{hornbostel1991spatial,
  title={Spatial prediction filtering in the tx and fx domains},
  author={Hornbostel, Scott},
  journal={Geophysics},
  volume={56},
  number={12},
  pages={2019--2026},
  year={1991},
  publisher={Society of Exploration Geophysicists}
}
@article{alsdorf1997noise,
  title={Noise reduction in seismic data using Fourier correction coefficient filtering},
  author={Alsdorf, Douglas},
  journal={Geophysics},
  volume={62},
  number={5},
  pages={1617--1627},
  year={1997},
  publisher={Society of Exploration Geophysicists}
}
@article{Albert2009wavelet,
title = {Wavelet denoising techniques with applications to experimental geophysical data},
journal = {Signal Processing},
volume = {89},
number = {2},
pages = {144-160},
year = {2009},
issn = {0165-1684},
doi = {https://doi.org/10.1016/j.sigpro.2008.07.023},
url = {https://www.sciencedirect.com/science/article/pii/S0165168408002442},
author = {Albert C. To and Jeffrey R. Moore and Steven D. Glaser},
keywords = {Denoising, Wavelet, Wavelet thresholding, Wiener filter, Empirical Bayes},
}
@article{bekara2007local,
  title={Local singular value decomposition for signal enhancement of seismic data},
  author={Bekara, Ma{\"\i}za and Van der Baan, Mirko},
  journal={Geophysics},
  volume={72},
  number={2},
  pages={V59--V65},
  year={2007},
  publisher={Society of Exploration Geophysicists}
}
@article{bekara2009random,
  title={Random and coherent noise attenuation by empirical mode decomposition},
  author={Bekara, Maiza and Van der Baan, Mirko},
  journal={Geophysics},
  volume={74},
  number={5},
  pages={V89--V98},
  year={2009},
  publisher={Society of Exploration Geophysicists}
}
@article{he2015DeepRL,
  title={Deep Residual Learning for Image Recognition},
  author={Kaiming He and X. Zhang and Shaoqing Ren and Jian Sun},
  journal={2016 IEEE Conference on Computer Vision and Pattern Recognition (CVPR)},
  year={2015},
  pages={770-778},
  url={https://api.semanticscholar.org/CorpusID:206594692}
}
@article{zhang2017beyond,
   title={Beyond a Gaussian Denoiser: Residual Learning of Deep CNN for Image Denoising},
   volume={26},
   ISSN={1941-0042},
   url={http://dx.doi.org/10.1109/TIP.2017.2662206},
   DOI={10.1109/tip.2017.2662206},
   number={7},
   journal={IEEE Transactions on Image Processing},
   publisher={Institute of Electrical and Electronics Engineers (IEEE)},
   author={Zhang, Kai and Zuo, Wangmeng and Chen, Yunjin and Meng, Deyu and Zhang, Lei},
   year={2017},
   month=jul, pages={3142â€“3155} }
